@article{AlphaZero,
  author    = {David Silver and
               Thomas Hubert and
               Julian Schrittwieser and
               Ioannis Antonoglou and
               Matthew Lai and
               Arthur Guez and
               Marc Lanctot and
               Laurent Sifre and
               Dharshan Kumaran and
               Thore Graepel and
               Timothy P. Lillicrap and
               Karen Simonyan and
               Demis Hassabis},
  title     = {Mastering Chess and Shogi by Self-Play with a General Reinforcement
               Learning Algorithm},
  journal   = {CoRR},
  volume    = {abs/1712.01815},
  year      = {2017},
  url       = {http://arxiv.org/abs/1712.01815},
  archivePrefix = {arXiv},
  eprint    = {1712.01815},
  timestamp = {Mon, 13 Aug 2018 16:46:01 +0200},
  biburl    = {https://dblp.org/rec/bib/journals/corr/abs-1712-01815},
  bibsource = {dblp computer science bibliography, https://dblp.org}
}
@Article{AlphaGoZero,
author={Silver, David
and Schrittwieser, Julian
and Simonyan, Karen
and Antonoglou, Ioannis
and Huang, Aja
and Guez, Arthur
and Hubert, Thomas
and Baker, Lucas
and Lai, Matthew
and Bolton, Adrian
and Chen, Yutian
and Lillicrap, Timothy
and Hui, Fan
and Sifre, Laurent
and van den Driessche, George
and Graepel, Thore
and Hassabis, Demis},
title={Mastering the game of Go without human knowledge},
journal={Nature},
year={2017},
month={Oct},
day={18},
publisher={Macmillan Publishers Limited, part of Springer Nature. All rights reserved. SN  -},
volume={550},
pages={354 EP  -},
note={Article},
url={http://dx.doi.org/10.1038/nature24270}
},
@Article{AlphaGo,
author={Silver, David
and Huang, Aja
and Maddison, Chris J.
and Guez, Arthur
and Sifre, Laurent
and van den Driessche, George
and Schrittwieser, Julian
and Antonoglou, Ioannis
and Panneershelvam, Veda
and Lanctot, Marc
and Dieleman, Sander
and Grewe, Dominik
and Nham, John
and Kalchbrenner, Nal
and Sutskever, Ilya
and Lillicrap, Timothy
and Leach, Madeleine
and Kavukcuoglu, Koray
and Graepel, Thore
and Hassabis, Demis},
title={Mastering the game of Go with deep neural networks and tree search},
journal={Nature},
year={2016},
month={Jan},
day={27},
publisher={Nature Publishing Group, a division of Macmillan Publishers Limited. All Rights Reserved. SN  -},
volume={529},
pages={484 EP  -},
note={Article},
url={http://dx.doi.org/10.1038/nature16961}
}

@online{TMRules,
  author = {MultiMedia LLC},
  title = {Terra Mystica: Rule Book},
  year = 2010,
  url = {http://www.feuerland-spiele.de/dateien/Terra_Mystica_EN_1.0_.pdf},
  urldate = {2018-10-26}
}

@online{TMBoardGeek,
  author = {BoardGeek},
  title = {Terra Mystica: Statistics},
  year = 2011,
  url = {https://boardgamegeek.com/boardgame/120677/terra-mystica},
  urldate = {2018-10-26}
}
@online{TMStats,
  author = {Snellman},
  title = {Terra Mystica: Statistics},
  year = 2011,
  url = {https://terra.snellman.net/stats/},
  urldate = {2018-10-26}
}
@online{TMStatsAI,
  author = {tmai},
  title = {Terra Mystic AI Implementations},
  year = 2018,
  url = {https://lodev.org/tmai/},
  urldate = {2018-10-26}
}
@online{infra,
  author = {jsnell},
  title = {Open Source Terra Mystica Implementation},
  year = 2018,
  url = {https://github.com/jsnell/terra-mystica},
  urldate = {2018-10-26}
}





